<?xml version="1.0" encoding="UTF-8"?><collection xmlns="http://www.loc.gov/MARC21/slim"><record><leader>00497nam--2200181-u-4500</leader><controlfield tag="001">000055771</controlfield><controlfield tag="002">20161230</controlfield><controlfield tag="005">20161230201052</controlfield><controlfield tag="008">130416s1000------------r-----000-0-fre-d</controlfield><datafield ind1=" " ind2=" " tag="040"><subfield code="a">IFIN-HH</subfield></datafield><datafield ind1=" " ind2=" " tag="041"><subfield code="a">fre</subfield></datafield><datafield ind1=" " ind2=" " tag="080"><subfield code="a">539.184(061.3)</subfield></datafield><datafield ind1="1" ind2=" " tag="100"><subfield code="a">Perrin, Jean</subfield></datafield><datafield ind1="1" ind2="0" tag="245"><subfield code="a">Conference nobel faite a stockholm le 11 decembre 1926</subfield><subfield code="b">Les prix nobel en 1926</subfield><subfield code="c">Jean perrin</subfield></datafield><datafield ind1=" " ind2=" " tag="260"><subfield code="a">Stockholm</subfield><subfield code="b">Imprimerie Royale</subfield><subfield code="c">1927</subfield></datafield><datafield ind1=" " ind2=" " tag="300"><subfield code="a">29P</subfield></datafield><datafield ind1=" " ind2=" " tag="852"><subfield code="a">44643</subfield><subfield code="c">H.H</subfield></datafield><datafield ind1=" " ind2=" " tag="CAT"><subfield code="a">Sys</subfield><subfield code="c">20130416</subfield><subfield code="h">152103</subfield></datafield></record></collection>